@BOOK{Ландау1969,
  title = {Собрание трудов},
  author = {Ландау, Л.Д.},
  year = {1969},
  volume = {1},
  publisher = {Москва: ``Наука''},
  pages = {512}
}

@BOOK{Толедано1994,
  title = {Теория Ландау фазовых переходов. Приложение к структурным, несоразмерным, магнитным и жидкокристаллическим системам},
  author = {Толедано, Ж-К. and Толедано, П.},
  year = {1994},
  publisher = {Москва: ``Мир''},
  pages = {461}
}

@BOOK{Холоденко1971,
  title = {Термодинамическая теория сегнетоэлектриков типа титаната бария},
  author = {Холоденко, Л.П},
  year = {1971},
  publisher = {Рига: ``Зинатне''},
  pages = {388}
}

@ARTICLE{Cummins1990,
  title = {Experimental studies of structurally incommensurate crystal phases},
  author = {Cummins, H.Z.},
  journal = {Phys.Rep},
  year = {1990},
  volume = {185},
  number = {5--6},
  pages = {211--409},
}

@BOOK{Высочанский1994,
  title = {Сегнетоэлектрики семейства Sn$_2$P$_2$S$_6$. Свойства в окрестности точки Лифшица},
  author = {Высочанский, Ю.М. and Сливка, В.Ю.},
  year = {1994},
  publisher = {Львов: ``Закарпаття''},
  pages = {264}
}

@ARTICLE{Высочанский1992,
  title = {Точка Лифшица на диаграммах состояний сегнетоэлектриков},
  author = {Высочанский, Ю.М. and Сливка, В.Ю.},
  journal = {УФН},
  year = {1992},
  volume = {162},
  number = {2},
  pages = {139--160}
}

@BOOK{Изюмов1987,
  title = {Дифракция нейтронов на длиннопериодических структурах},
  author = {Изюмов, Ю.А.},
  year = {1987},
  publisher = {Москва: ``Энергоатомиздат''},
  pages = {199}
}

@ARTICLE{Клепиков1999,
  title = {Симметрии в критических точках и фазовые переходы в полевых моделях},
  author = {Клепиков, В.Ф.},
  journal = {Вісник Харківського університету},
  year = {1999
  volume = {2(6)},
  number = {443},
  pages = {23--25}
}

@ARTICLE{Буздин1986,
  title = {Локализованные состояния на дефектах при электронных переходах в фазу солитонной решетки},
  author = {Буздин, А.И. and Меньшов, В.Н. and Тугушев, В.В.},
  journal = {ЖЭТФ},
  year = {1986},
  volume = {91},
  number = {6(12)},
  pages = {2204--2219}
}

@ARTICLE{Высочанский1990,
  title = {},
  author = {Высочанский, Ю.М. and Майор, М.М. and Ризак, В.М. and Перечинский, С.И. and Сливка, В.Ю. and Хома, М.М.},
  journal = {Известия АН СССР. Серия физическая.},
  year = {1990},
  volume = {54},
  pages = {677--681}
}

@ARTICLE{Ema1990,
  title = {},
  author = {Ema K. and Hamano, K. and Levanyuk, A.P.},
  journal = {J. Phys. Soc. Japan},
  year = {1990},
  volume = {59},
  pages = {1438--1450}
}

@ARTICLE{Ishibashi1978,
  title = {},
  author = {Ishibashi, Y. and Shiba, H.},
  journal = {12. J. Phys. Soc. Japan},
  year = {1978},
  volume = {45},
  pages = {409--413}
}

@BOOK{Клепиков1996,
  title = {Фазовые переходы (несоизмеримые структуры)},
  author = {Клепиков, В. Ф.},
  year = {1996},
  publisher = {Харьков: изд-во ННЦ ХФТИ},
  pages = {145}
}

@ARTICLE{Berezovsky1998,
  title = {Equilibrium nonlinear distributions of one-component order parameter in systems with competitive interaction},
  author = {Berezovsky, S.V. and Klepikov, V.F. and Korda, V.Yu. and Shlyakhov, N.A.},
  journal = {Int. J. Mod. Phys. B},
  year = {1998},
  volume = {12},
  number = {4},
  pages = {433--447}
}

@ARTICLE{Березовский1998,
  title = {The non-linear properties of incommensurate phases in the systems with scalar order parameter},
  author = {Berezovsky, S.V. and Klepikov, V.F. and Sereda, Yu.V.},
  journal = {ЖФД},
  year = {1998},
  volume = {2},
  number = {4},
  pages = {518--523}
}

@ARTICLE{Ishibashi1984,
  title = {},
  author = {Ishibashi, Y. and Suzuki, I.},
  journal = {J. Phys. Soc. Japan},
  year = {1984},
  volume = {53},
  number = {3},
  pages = {1093--1096}
}

@ARTICLE{Ковалев1976,
  title = {},
  author = {Ковалев, А.С. and Косевич, А.М.},
  journal = {ФНТ},
  year = {1976},
  volume = {2},
  number = {7}
  pages = {913--918}
}

@ARTICLE{Хома1998,
  title = {},
  author = {Khoma, M.M. and Molnar, A.A. and Vysochanskii, Yu.M.},
  journal = {ЖФД},
  year = {1998},
  volume = {2},
  pages = {524--535}
}

@ARTICLE{Barsamian1993,
  title = {},
  author = {Barsamian, T.K. and Khasanov, S.S. and Shekhtman, V.Sh.},
  journal = {Ferroelectrics},
  year = {1993},
  volume = {138},
  pages = {63--69}
}

@BOOK{Корн1973,
  title = {Справочник по математике для научных работников и инженеров},
  author = {Корн, Г. and Корн, Т.},
  year = {1973},
  publisher = {Москва:``Наука''}
}

